%YAML 1.1
%TAG !u! tag:unity3d.com,2011:
--- !u!29 &1
OcclusionCullingSettings:
  m_ObjectHideFlags: 0
  serializedVersion: 2
  m_OcclusionBakeSettings:
    smallestOccluder: 5
    smallestHole: 0.25
    backfaceThreshold: 100
  m_SceneGUID: 22b2b11e35fe4ee4fa81cd252ae9ff21
  m_OcclusionCullingData: {fileID: 36300000, guid: 8988699234c09f849981bc368f89fc73,
    type: 2}
--- !u!104 &2
RenderSettings:
  m_ObjectHideFlags: 0
  serializedVersion: 8
  m_Fog: 0
  m_FogColor: {r: 0.5, g: 0.5, b: 0.5, a: 1}
  m_FogMode: 3
  m_FogDensity: 0.01
  m_LinearFogStart: 0
  m_LinearFogEnd: 300
  m_AmbientSkyColor: {r: 0.212, g: 0.227, b: 0.259, a: 1}
  m_AmbientEquatorColor: {r: 0.114, g: 0.125, b: 0.133, a: 1}
  m_AmbientGroundColor: {r: 0.047, g: 0.043, b: 0.035, a: 1}
  m_AmbientIntensity: 1
  m_AmbientMode: 0
  m_SubtractiveShadowColor: {r: 0.42, g: 0.478, b: 0.627, a: 1}
  m_SkyboxMaterial: {fileID: 10304, guid: 0000000000000000f000000000000000, type: 0}
  m_HaloStrength: 0.5
  m_FlareStrength: 1
  m_FlareFadeSpeed: 3
  m_HaloTexture: {fileID: 0}
  m_SpotCookie: {fileID: 10001, guid: 0000000000000000e000000000000000, type: 0}
  m_DefaultReflectionMode: 0
  m_DefaultReflectionResolution: 128
  m_ReflectionBounces: 1
  m_ReflectionIntensity: 1
  m_CustomReflection: {fileID: 0}
  m_Sun: {fileID: 0}
  m_IndirectSpecularColor: {r: 0.22380279, g: 0.24376711, b: 0.26534963, a: 1}
--- !u!157 &3
LightmapSettings:
  m_ObjectHideFlags: 0
  serializedVersion: 11
  m_GIWorkflowMode: 1
  m_GISettings:
    serializedVersion: 2
    m_BounceScale: 1
    m_IndirectOutputScale: 1
    m_AlbedoBoost: 1
    m_TemporalCoherenceThreshold: 1
    m_EnvironmentLightingMode: 0
    m_EnableBakedLightmaps: 0
    m_EnableRealtimeLightmaps: 0
  m_LightmapEditorSettings:
    serializedVersion: 9
    m_Resolution: 2
    m_BakeResolution: 40
    m_TextureWidth: 1024
    m_TextureHeight: 1024
    m_AO: 0
    m_AOMaxDistance: 1
    m_CompAOExponent: 1
    m_CompAOExponentDirect: 0
    m_Padding: 2
    m_LightmapParameters: {fileID: 0}
    m_LightmapsBakeMode: 1
    m_TextureCompression: 1
    m_FinalGather: 0
    m_FinalGatherFiltering: 1
    m_FinalGatherRayCount: 256
    m_ReflectionCompression: 2
    m_MixedBakeMode: 2
    m_BakeBackend: 0
    m_PVRSampling: 1
    m_PVRDirectSampleCount: 32
    m_PVRSampleCount: 500
    m_PVRBounces: 2
    m_PVRFiltering: 0
    m_PVRFilteringMode: 1
    m_PVRCulling: 1
    m_PVRFilteringGaussRadiusDirect: 1
    m_PVRFilteringGaussRadiusIndirect: 5
    m_PVRFilteringGaussRadiusAO: 2
    m_PVRFilteringAtrousColorSigma: 1
    m_PVRFilteringAtrousNormalSigma: 1
    m_PVRFilteringAtrousPositionSigma: 1
  m_LightingDataAsset: {fileID: 112000046, guid: 3a0febce8c560794ab4548909da6d60b,
    type: 2}
  m_UseShadowmask: 1
--- !u!196 &4
NavMeshSettings:
  serializedVersion: 2
  m_ObjectHideFlags: 0
  m_BuildSettings:
    serializedVersion: 2
    agentTypeID: 0
    agentRadius: 0.5
    agentHeight: 2
    agentSlope: 45
    agentClimb: 0.4
    ledgeDropHeight: 0
    maxJumpAcrossDistance: 0
    minRegionArea: 2
    manualCellSize: 0
    cellSize: 0.16666667
    manualTileSize: 0
    tileSize: 256
    accuratePlacement: 0
  m_NavMeshData: {fileID: 23800000, guid: bddcdaa14938b744d8f4472f9150f191, type: 2}
--- !u!1001 &77083552
Prefab:
  m_ObjectHideFlags: 0
  serializedVersion: 2
  m_Modification:
    m_TransformParent: {fileID: 911056637}
    m_Modifications:
    - target: {fileID: 4043279847966554, guid: 8fa8bbf564d4db94faac840c36dc8735, type: 2}
      propertyPath: m_LocalPosition.x
      value: 1139.9767
      objectReference: {fileID: 0}
    - target: {fileID: 4043279847966554, guid: 8fa8bbf564d4db94faac840c36dc8735, type: 2}
      propertyPath: m_LocalPosition.y
      value: -5.4136124
      objectReference: {fileID: 0}
    - target: {fileID: 4043279847966554, guid: 8fa8bbf564d4db94faac840c36dc8735, type: 2}
      propertyPath: m_LocalPosition.z
      value: -129.02621
      objectReference: {fileID: 0}
    - target: {fileID: 4043279847966554, guid: 8fa8bbf564d4db94faac840c36dc8735, type: 2}
      propertyPath: m_RootOrder
      value: 1
      objectReference: {fileID: 0}
    - target: {fileID: 1560515440814984, guid: 8fa8bbf564d4db94faac840c36dc8735, type: 2}
      propertyPath: m_Name
      value: Collectible pickup (1)
      objectReference: {fileID: 0}
    - target: {fileID: 4043279847966554, guid: 8fa8bbf564d4db94faac840c36dc8735, type: 2}
      propertyPath: m_LocalEulerAnglesHint.y
      value: 0
      objectReference: {fileID: 0}
    - target: {fileID: 114011056321573786, guid: 8fa8bbf564d4db94faac840c36dc8735,
        type: 2}
      propertyPath: Card
      value: 
      objectReference: {fileID: 11400000, guid: f216469d68ac17743ac2b4fa2a8cfe5f,
        type: 2}
    m_RemovedComponents: []
  m_ParentPrefab: {fileID: 100100000, guid: 8fa8bbf564d4db94faac840c36dc8735, type: 2}
  m_IsPrefabParent: 0
--- !u!1 &90838119
GameObject:
  m_ObjectHideFlags: 0
  m_PrefabParentObject: {fileID: 0}
  m_PrefabInternal: {fileID: 0}
  serializedVersion: 5
  m_Component:
  - component: {fileID: 90838120}
  m_Layer: 0
  m_Name: Mountain
  m_TagString: Untagged
  m_Icon: {fileID: 0}
  m_NavMeshLayer: 0
  m_StaticEditorFlags: 0
  m_IsActive: 1
--- !u!4 &90838120
Transform:
  m_ObjectHideFlags: 0
  m_PrefabParentObject: {fileID: 0}
  m_PrefabInternal: {fileID: 0}
  m_GameObject: {fileID: 90838119}
  m_LocalRotation: {x: 0, y: 0, z: 0, w: 1}
  m_LocalPosition: {x: 1, y: 1, z: 11}
  m_LocalScale: {x: 1, y: 1, z: 1}
  m_Children:
  - {fileID: 1365915149}
  - {fileID: 1013033999}
  m_Father: {fileID: 0}
  m_RootOrder: 1
  m_LocalEulerAnglesHint: {x: 0, y: 0, z: 0}
--- !u!4 &170189312 stripped
Transform:
  m_PrefabParentObject: {fileID: 4043279847966554, guid: 8fa8bbf564d4db94faac840c36dc8735,
    type: 2}
  m_PrefabInternal: {fileID: 676320001}
--- !u!4 &234500342 stripped
Transform:
  m_PrefabParentObject: {fileID: 4043279847966554, guid: 8fa8bbf564d4db94faac840c36dc8735,
    type: 2}
  m_PrefabInternal: {fileID: 1224998672}
--- !u!1001 &676320001
Prefab:
  m_ObjectHideFlags: 0
  serializedVersion: 2
  m_Modification:
    m_TransformParent: {fileID: 911056637}
    m_Modifications:
    - target: {fileID: 4043279847966554, guid: 8fa8bbf564d4db94faac840c36dc8735, type: 2}
      propertyPath: m_LocalPosition.x
      value: -134.8
      objectReference: {fileID: 0}
    - target: {fileID: 4043279847966554, guid: 8fa8bbf564d4db94faac840c36dc8735, type: 2}
      propertyPath: m_LocalPosition.y
      value: -12.65
      objectReference: {fileID: 0}
    - target: {fileID: 4043279847966554, guid: 8fa8bbf564d4db94faac840c36dc8735, type: 2}
      propertyPath: m_LocalPosition.z
      value: 68.18
      objectReference: {fileID: 0}
    - target: {fileID: 4043279847966554, guid: 8fa8bbf564d4db94faac840c36dc8735, type: 2}
      propertyPath: m_RootOrder
      value: 0
      objectReference: {fileID: 0}
    - target: {fileID: 1560515440814984, guid: 8fa8bbf564d4db94faac840c36dc8735, type: 2}
      propertyPath: m_Name
      value: Collectible pickup (2)
      objectReference: {fileID: 0}
    - target: {fileID: 4043279847966554, guid: 8fa8bbf564d4db94faac840c36dc8735, type: 2}
      propertyPath: m_LocalEulerAnglesHint.y
      value: -17.949001
      objectReference: {fileID: 0}
    - target: {fileID: 114011056321573786, guid: 8fa8bbf564d4db94faac840c36dc8735,
        type: 2}
      propertyPath: Card
      value: 
      objectReference: {fileID: 11400000, guid: 25f5a06dd8c15c94198108d786bbc48e,
        type: 2}
    m_RemovedComponents: []
  m_ParentPrefab: {fileID: 100100000, guid: 8fa8bbf564d4db94faac840c36dc8735, type: 2}
  m_IsPrefabParent: 0
--- !u!1 &911056636
GameObject:
  m_ObjectHideFlags: 0
  m_PrefabParentObject: {fileID: 0}
  m_PrefabInternal: {fileID: 0}
  serializedVersion: 5
  m_Component:
  - component: {fileID: 911056637}
  m_Layer: 0
  m_Name: Desert
  m_TagString: Untagged
  m_Icon: {fileID: 0}
  m_NavMeshLayer: 0
  m_StaticEditorFlags: 0
  m_IsActive: 1
--- !u!4 &911056637
Transform:
  m_ObjectHideFlags: 0
  m_PrefabParentObject: {fileID: 0}
  m_PrefabInternal: {fileID: 0}
  m_GameObject: {fileID: 911056636}
  m_LocalRotation: {x: 0, y: 0, z: 0, w: 1}
  m_LocalPosition: {x: 17.839767, y: 34.12, z: 911.55}
  m_LocalScale: {x: 1, y: 1, z: 1}
  m_Children:
  - {fileID: 170189312}
  - {fileID: 1850596629}
  m_Father: {fileID: 0}
  m_RootOrder: 2
  m_LocalEulerAnglesHint: {x: 0, y: 0, z: 0}
--- !u!1001 &1013033998
Prefab:
  m_ObjectHideFlags: 0
  serializedVersion: 2
  m_Modification:
    m_TransformParent: {fileID: 90838120}
    m_Modifications:
    - target: {fileID: 4043279847966554, guid: 8fa8bbf564d4db94faac840c36dc8735, type: 2}
      propertyPath: m_LocalPosition.x
      value: 251.54512
      objectReference: {fileID: 0}
    - target: {fileID: 4043279847966554, guid: 8fa8bbf564d4db94faac840c36dc8735, type: 2}
      propertyPath: m_LocalPosition.y
      value: 14.33
      objectReference: {fileID: 0}
    - target: {fileID: 4043279847966554, guid: 8fa8bbf564d4db94faac840c36dc8735, type: 2}
      propertyPath: m_LocalPosition.z
      value: 1327.26
      objectReference: {fileID: 0}
    - target: {fileID: 4043279847966554, guid: 8fa8bbf564d4db94faac840c36dc8735, type: 2}
      propertyPath: m_RootOrder
      value: 1
      objectReference: {fileID: 0}
    - target: {fileID: 4043279847966554, guid: 8fa8bbf564d4db94faac840c36dc8735, type: 2}
      propertyPath: m_LocalEulerAnglesHint.y
      value: 0
      objectReference: {fileID: 0}
    - target: {fileID: 114011056321573786, guid: 8fa8bbf564d4db94faac840c36dc8735,
        type: 2}
      propertyPath: Card
      value: 
      objectReference: {fileID: 11400000, guid: ddef3425face30745800cca1c5af02b2,
        type: 2}
    m_RemovedComponents: []
  m_ParentPrefab: {fileID: 100100000, guid: 8fa8bbf564d4db94faac840c36dc8735, type: 2}
  m_IsPrefabParent: 0
--- !u!4 &1013033999 stripped
Transform:
  m_PrefabParentObject: {fileID: 4043279847966554, guid: 8fa8bbf564d4db94faac840c36dc8735,
    type: 2}
  m_PrefabInternal: {fileID: 1013033998}
--- !u!1001 &1224998672
Prefab:
  m_ObjectHideFlags: 0
  serializedVersion: 2
  m_Modification:
    m_TransformParent: {fileID: 1766317190}
    m_Modifications:
    - target: {fileID: 4043279847966554, guid: 8fa8bbf564d4db94faac840c36dc8735, type: 2}
      propertyPath: m_LocalPosition.x
      value: 180.23003
      objectReference: {fileID: 0}
    - target: {fileID: 4043279847966554, guid: 8fa8bbf564d4db94faac840c36dc8735, type: 2}
      propertyPath: m_LocalPosition.y
      value: 66.97
      objectReference: {fileID: 0}
    - target: {fileID: 4043279847966554, guid: 8fa8bbf564d4db94faac840c36dc8735, type: 2}
      propertyPath: m_LocalPosition.z
      value: 567.6974
      objectReference: {fileID: 0}
    - target: {fileID: 4043279847966554, guid: 8fa8bbf564d4db94faac840c36dc8735, type: 2}
      propertyPath: m_RootOrder
      value: 0
      objectReference: {fileID: 0}
    - target: {fileID: 114011056321573786, guid: 8fa8bbf564d4db94faac840c36dc8735,
        type: 2}
      propertyPath: Card
      value: 
      objectReference: {fileID: 11400000, guid: ce55eafa7de60114bb24abdc381b94f6,
        type: 2}
    m_RemovedComponents: []
  m_ParentPrefab: {fileID: 100100000, guid: 8fa8bbf564d4db94faac840c36dc8735, type: 2}
  m_IsPrefabParent: 0
--- !u!1001 &1365915148
Prefab:
  m_ObjectHideFlags: 0
  serializedVersion: 2
  m_Modification:
    m_TransformParent: {fileID: 90838120}
    m_Modifications:
    - target: {fileID: 4043279847966554, guid: 8fa8bbf564d4db94faac840c36dc8735, type: 2}
      propertyPath: m_LocalPosition.x
      value: 561.3477
      objectReference: {fileID: 0}
    - target: {fileID: 4043279847966554, guid: 8fa8bbf564d4db94faac840c36dc8735, type: 2}
      propertyPath: m_LocalPosition.y
      value: 4.66
      objectReference: {fileID: 0}
    - target: {fileID: 4043279847966554, guid: 8fa8bbf564d4db94faac840c36dc8735, type: 2}
      propertyPath: m_LocalPosition.z
      value: 1209.1749
      objectReference: {fileID: 0}
    - target: {fileID: 4043279847966554, guid: 8fa8bbf564d4db94faac840c36dc8735, type: 2}
      propertyPath: m_RootOrder
      value: 0
      objectReference: {fileID: 0}
    - target: {fileID: 4043279847966554, guid: 8fa8bbf564d4db94faac840c36dc8735, type: 2}
      propertyPath: m_LocalEulerAnglesHint.y
      value: 0
      objectReference: {fileID: 0}
    - target: {fileID: 114011056321573786, guid: 8fa8bbf564d4db94faac840c36dc8735,
        type: 2}
      propertyPath: Card
      value: 
      objectReference: {fileID: 11400000, guid: 2f9e38b7130428f439eaf97caf246574,
        type: 2}
    m_RemovedComponents: []
  m_ParentPrefab: {fileID: 100100000, guid: 8fa8bbf564d4db94faac840c36dc8735, type: 2}
  m_IsPrefabParent: 0
--- !u!4 &1365915149 stripped
Transform:
  m_PrefabParentObject: {fileID: 4043279847966554, guid: 8fa8bbf564d4db94faac840c36dc8735,
    type: 2}
  m_PrefabInternal: {fileID: 1365915148}
--- !u!1 &1766317189
GameObject:
  m_ObjectHideFlags: 0
  m_PrefabParentObject: {fileID: 0}
  m_PrefabInternal: {fileID: 0}
  serializedVersion: 5
  m_Component:
  - component: {fileID: 1766317190}
  m_Layer: 0
  m_Name: Center Island
  m_TagString: Untagged
  m_Icon: {fileID: 0}
  m_NavMeshLayer: 0
  m_StaticEditorFlags: 0
  m_IsActive: 1
--- !u!4 &1766317190
Transform:
  m_ObjectHideFlags: 0
  m_PrefabParentObject: {fileID: 0}
  m_PrefabInternal: {fileID: 0}
  m_GameObject: {fileID: 1766317189}
  m_LocalRotation: {x: 0, y: 0, z: 0, w: 1}
  m_LocalPosition: {x: 0, y: 0.78999996, z: 0}
  m_LocalScale: {x: 1, y: 1, z: 1}
  m_Children:
  - {fileID: 234500342}
  - {fileID: 1823764133}
  m_Father: {fileID: 0}
  m_RootOrder: 0
  m_LocalEulerAnglesHint: {x: 0, y: 0, z: 0}
--- !u!1001 &1823764132
Prefab:
  m_ObjectHideFlags: 0
  serializedVersion: 2
  m_Modification:
    m_TransformParent: {fileID: 1766317190}
    m_Modifications:
    - target: {fileID: 4043279847966554, guid: 8fa8bbf564d4db94faac840c36dc8735, type: 2}
      propertyPath: m_LocalPosition.x
      value: 398.41986
      objectReference: {fileID: 0}
    - target: {fileID: 4043279847966554, guid: 8fa8bbf564d4db94faac840c36dc8735, type: 2}
      propertyPath: m_LocalPosition.y
      value: 65.87789
      objectReference: {fileID: 0}
    - target: {fileID: 4043279847966554, guid: 8fa8bbf564d4db94faac840c36dc8735, type: 2}
      propertyPath: m_LocalPosition.z
      value: 559.14996
      objectReference: {fileID: 0}
    - target: {fileID: 4043279847966554, guid: 8fa8bbf564d4db94faac840c36dc8735, type: 2}
      propertyPath: m_RootOrder
      value: 1
      objectReference: {fileID: 0}
    - target: {fileID: 1560515440814984, guid: 8fa8bbf564d4db94faac840c36dc8735, type: 2}
      propertyPath: m_Name
      value: Collectible pickup (1)
      objectReference: {fileID: 0}
    - target: {fileID: 4043279847966554, guid: 8fa8bbf564d4db94faac840c36dc8735, type: 2}
      propertyPath: m_LocalEulerAnglesHint.y
      value: 0
      objectReference: {fileID: 0}
    - target: {fileID: 114011056321573786, guid: 8fa8bbf564d4db94faac840c36dc8735,
        type: 2}
      propertyPath: Card
      value: 
      objectReference: {fileID: 11400000, guid: a5cbf1cca03129a43bcd84a2b922ccd2,
        type: 2}
    m_RemovedComponents: []
  m_ParentPrefab: {fileID: 100100000, guid: 8fa8bbf564d4db94faac840c36dc8735, type: 2}
  m_IsPrefabParent: 0
--- !u!4 &1823764133 stripped
Transform:
  m_PrefabParentObject: {fileID: 4043279847966554, guid: 8fa8bbf564d4db94faac840c36dc8735,
    type: 2}
  m_PrefabInternal: {fileID: 1823764132}
--- !u!4 &1850596629 stripped
Transform:
  m_PrefabParentObject: {fileID: 4043279847966554, guid: 8fa8bbf564d4db94faac840c36dc8735,
    type: 2}
  m_PrefabInternal: {fileID: 77083552}
