%YAML 1.1
%TAG !u! tag:unity3d.com,2011:
--- !u!1001 &100100000
Prefab:
  m_ObjectHideFlags: 1
  serializedVersion: 2
  m_Modification:
    m_TransformParent: {fileID: 0}
    m_Modifications: []
    m_RemovedComponents: []
  m_ParentPrefab: {fileID: 0}
  m_RootGameObject: {fileID: 1567673924805300}
  m_IsPrefabParent: 1
--- !u!1 &1567673924805300
GameObject:
  m_ObjectHideFlags: 0
  m_PrefabParentObject: {fileID: 0}
  m_PrefabInternal: {fileID: 100100000}
  serializedVersion: 5
  m_Component:
  - component: {fileID: 4136537085105600}
  - component: {fileID: 33435250029595082}
  - component: {fileID: 23937818304529610}
  - component: {fileID: 64695644569946590}
  - component: {fileID: 114105909363447614}
  m_Layer: 0
  m_Name: LargeBridge
  m_TagString: Untagged
  m_Icon: {fileID: 0}
  m_NavMeshLayer: 0
  m_StaticEditorFlags: 85
  m_IsActive: 1
--- !u!4 &4136537085105600
Transform:
  m_ObjectHideFlags: 1
  m_PrefabParentObject: {fileID: 0}
  m_PrefabInternal: {fileID: 100100000}
  m_GameObject: {fileID: 1567673924805300}
  m_LocalRotation: {x: 0.02020424, y: -0.30311754, z: -0.004624964, w: 0.9527278}
  m_LocalPosition: {x: 282.74036, y: 7.8, z: -90.254944}
  m_LocalScale: {x: 1.8748475, y: 1.8748482, z: 1.8748477}
  m_Children: []
  m_Father: {fileID: 0}
  m_RootOrder: 0
  m_LocalEulerAnglesHint: {x: 2.046, y: -35.319, z: -1.2080001}
--- !u!23 &23937818304529610
MeshRenderer:
  m_ObjectHideFlags: 1
  m_PrefabParentObject: {fileID: 0}
  m_PrefabInternal: {fileID: 100100000}
  m_GameObject: {fileID: 1567673924805300}
  m_Enabled: 1
  m_CastShadows: 1
  m_ReceiveShadows: 1
  m_MotionVectors: 1
  m_LightProbeUsage: 1
  m_ReflectionProbeUsage: 1
  m_Materials:
  - {fileID: 2100000, guid: 5b1a768c5f1667344ad608f6303b1a9f, type: 2}
  - {fileID: 2100000, guid: 0252683b9307ff94d8d3e07ccb753dce, type: 2}
  - {fileID: 10303, guid: 0000000000000000f000000000000000, type: 0}
  m_StaticBatchInfo:
    firstSubMesh: 0
    subMeshCount: 0
  m_StaticBatchRoot: {fileID: 0}
  m_ProbeAnchor: {fileID: 0}
  m_LightProbeVolumeOverride: {fileID: 0}
  m_ScaleInLightmap: 1
  m_PreserveUVs: 0
  m_IgnoreNormalsForChartDetection: 0
  m_ImportantGI: 0
  m_SelectedEditorRenderState: 3
  m_MinimumChartSize: 4
  m_AutoUVMaxDistance: 0.5
  m_AutoUVMaxAngle: 89
  m_LightmapParameters: {fileID: 0}
  m_SortingLayerID: 0
  m_SortingLayer: 0
  m_SortingOrder: 0
--- !u!33 &33435250029595082
MeshFilter:
  m_ObjectHideFlags: 1
  m_PrefabParentObject: {fileID: 0}
  m_PrefabInternal: {fileID: 100100000}
  m_GameObject: {fileID: 1567673924805300}
  m_Mesh: {fileID: 4300000, guid: c9381da626910c94f92f91ba4485f489, type: 3}
--- !u!64 &64695644569946590
MeshCollider:
  m_ObjectHideFlags: 1
  m_PrefabParentObject: {fileID: 0}
  m_PrefabInternal: {fileID: 100100000}
  m_GameObject: {fileID: 1567673924805300}
  m_Material: {fileID: 0}
  m_IsTrigger: 0
  m_Enabled: 1
  serializedVersion: 2
  m_Convex: 0
  m_InflateMesh: 0
  m_SkinWidth: 0.01
  m_Mesh: {fileID: 4300000, guid: c9381da626910c94f92f91ba4485f489, type: 3}
--- !u!114 &114105909363447614
MonoBehaviour:
  m_ObjectHideFlags: 1
  m_PrefabParentObject: {fileID: 0}
  m_PrefabInternal: {fileID: 100100000}
  m_GameObject: {fileID: 1567673924805300}
  m_Enabled: 1
  m_EditorHideFlags: 0
  m_Script: {fileID: 11500000, guid: af2244d17106e58429d94fbe340e59e0, type: 3}
  m_Name: 
  m_EditorClassIdentifier: 
  RegularMaterials:
  - {fileID: 2100000, guid: 5b1a768c5f1667344ad608f6303b1a9f, type: 2}
  - {fileID: 2100000, guid: 0252683b9307ff94d8d3e07ccb753dce, type: 2}
  - {fileID: 2100000, guid: 5b1a768c5f1667344ad608f6303b1a9f, type: 2}
  ChristmasMaterials:
  - {fileID: 2100000, guid: d1fdaa050bab12a42bde63e2d3ea9e95, type: 2}
  - {fileID: 2100000, guid: d1fdaa050bab12a42bde63e2d3ea9e95, type: 2}
  - {fileID: 2100000, guid: d1fdaa050bab12a42bde63e2d3ea9e95, type: 2}
